@misc{secret_network_graypaper,
  title = {Secret Network Graypaper},
  year = {2024},
  url = {https://scrt.network/graypaper/},
  note = {Accessed: 2024-11-12}
}

@misc{secret_foundation_docs,
  author = {Secret Foundation},
  title = {Secret Network Documentation},
  year = {2024},
  url = {https://github.com/SecretFoundation/docs/tree/gitbook},
  note = {Accessed: 2024-11-12}
}

@article{lind2017teechain,
  title={Teechain: Scalable blockchain payments using trusted execution environments},
  author={Lind, Joshua and Eyal, Ittay and Kelbert, Florian and Naor, Oded and Pietzuch, Peter and Sirer, Emin G{\"u}n},
  journal={arXiv preprint arXiv:1707.05454},
  year={2017}
}

@article{pirandola2020advances,
  title={Advances in quantum cryptography},
  author={Pirandola, Stefano and Andersen, Ulrik L and Banchi, Leonardo and Berta, Mario and Bunandar, Darius and Colbeck, Roger and Englund, Dirk and Gehring, Tobias and Lupo, Cosmo and Ottaviani, Carlo and others},
  journal={Advances in optics and photonics},
  volume={12},
  number={4},
  pages={1012--1236},
  year={2020},
  publisher={Optica Publishing Group}
}

@inproceedings{pahlajani2019survey,
  title={Survey on private blockchain consensus algorithms},
  author={Pahlajani, Sunny and Kshirsagar, Avinash and Pachghare, Vinod},
  booktitle={2019 1st International Conference on Innovations in Information and Communication Technology (ICIICT)},
  pages={1--6},
  year={2019},
  organization={IEEE}
}

@misc{nakamoto2008bitcoin,
  author = {Satoshi Nakamoto},
  title = {Bitcoin: A Peer-to-Peer Electronic Cash System},
  year = {2008},
  url = {https://bitcoin.org/bitcoin.pdf},
  note = {Accessed: 2024-11-13}
}

@misc{bitcoinwiki_block_timestamp,
  title = {Block Timestamp},
  author = {{Bitcoin Wiki Contributors}},
  year = {n.d.},
  url = {https://en.bitcoin.it/wiki/Block_timestamp},
  note = {Accessed: 2024-11-15}
}

@misc{bitmex_block_timestamp,
  author = {{BitMEX Research}},
  title = {Bitcoin's Block Timestamp Protection Rules},
  year = {2020},
  url = {https://blog.bitmex.com/bitcoins-block-timestamp-protection-rules/},
  note = {Accessed: 2024-11-15}
}

